@manual{tsrgd,
	title={The Traffic Signs Regulations and General Directions},
	organization={UK Government},
	year={2016},
	url={http://www.legislation.gov.uk/uksi/2016/362/contents/made}
}

@manual{dps,
	title={The Design of Pedestrian Crossings},
	organization={Department for Transport},
	key={DfT},
	month={April},
	year={1995},
	edition={LTS 2/95},
	url={https://assets.publishing.service.gov.uk/government/uploads/system/uploads/attachment_data/file/330214/ltn-2-95_pedestrian-crossings.pdf}
}

@manual{psaepc,
	title={Performance Specification for Audible Equipment for use at
		Pedestrian Crossings},
	organization={Highways Agency, Department for Transport},
	key={HA},
	month={July},
	year={2005},
	url={http://www.ukroads.org/webfiles/TR%202509%20A.pdf}
}

